<record><leader>00000cas a22000007a 4500</leader><controlfield tag="001">26075398</controlfield><controlfield tag="008">920624d19431949wyuwr ne      0    0eng d</controlfield><datafield ind1=" " ind2=" " tag="010"><subfield code="a">sn 92067115 </subfield></datafield><datafield ind1=" " ind2=" " tag="040"><subfield code="a">NVO</subfield><subfield code="b">eng</subfield><subfield code="c">NVO</subfield><subfield code="d">OCLCQ</subfield></datafield><datafield ind1=" " ind2=" " tag="042"><subfield code="a">msc</subfield></datafield><datafield ind1="0" ind2="4" tag="245"><subfield code="a">The Riverton press.</subfield></datafield><datafield ind1="1" ind2="3" tag="246"><subfield code="a">Riverton press and the Riverton reporter, the Fremont County independent</subfield></datafield><datafield ind1=" " ind2=" " tag="260"><subfield code="a">Riverton, Fremont County, Wyo. :</subfield><subfield code="b">B.H. Weeks and H.J. Bowes</subfield></datafield><datafield ind1=" " ind2=" " tag="300"><subfield code="a">v.</subfield></datafield><datafield ind1=" " ind2=" " tag="310"><subfield code="a">Weekly</subfield></datafield><datafield ind1="0" ind2=" " tag="362"><subfield code="a">Vol. 18, no. 33 (Nov. 11, 1943)-v. 24, no. 11 (July 7, 1949).</subfield></datafield><datafield ind1=" " ind2=" " tag="515"><subfield code="a">Roman numeral for Vol. 19 reads "XVIX."</subfield></datafield><datafield ind1=" " ind2=" " tag="580"><subfield code="a">Below title: The Riverton press, the Riverton reporter and the Fremont County independent, Nov. 1943-Dec. 14, 1944 and Apr. 17, 1947-July 1949.</subfield></datafield><datafield ind1=" " ind2="4" tag="651"><subfield code="a">Riverton (Wyo.)</subfield><subfield code="v">Newspapers.</subfield></datafield><datafield ind1=" " ind2="4" tag="651"><subfield code="a">Fremont County (Wyo.)</subfield><subfield code="v">Newspapers.</subfield></datafield><datafield ind1=" " ind2=" " tag="752"><subfield code="a">United States</subfield><subfield code="b">Wyoming</subfield><subfield code="c">Fremont</subfield><subfield code="d">Riverton.</subfield></datafield><datafield ind1="0" ind2="0" tag="780"><subfield code="t">Riverton press, the Riverton reporter and the Fremont County independent</subfield><subfield code="w">(DLC)sn 92067116</subfield></datafield><datafield ind1="0" ind2="0" tag="785"><subfield code="t">Riverton times</subfield><subfield code="w">(DLC)sn 92067114</subfield></datafield><datafield ind1="1" ind2=" " tag="029"><subfield code="a">AU@</subfield><subfield code="b">000020692923</subfield></datafield></record>